<?xml version="1.0" encoding="UTF-8"?>
<record xmlns="http://www.loc.gov/MARC21/slim" xmlns:xsi="http://www.w3.org/2001/XMLSchema-instance" xsi:schemaLocation="http://www.loc.gov/MARC21/slim http://www.loc.gov/standards/marcxml/schema/MARC21slim.xsd">
<leader>     cam a2200265   4500</leader>
<controlfield tag="001">001677812</controlfield>
<controlfield tag="003">NNU</controlfield>
<controlfield tag="005">20041202100439.0</controlfield>
<controlfield tag="008">901024s1946    le ac    b    000 0 arar</controlfield>
<datafield tag="010" ind1=" " ind2=" ">
<subfield code="a">70240883 /NE</subfield>
</datafield>
<datafield tag="035" ind1="9" ind2=" ">
<subfield code="a">NYUb12221196</subfield>
</datafield>
<datafield tag="035" ind1=" " ind2=" ">
<subfield code="a">(MiU)notisANF7844</subfield>
</datafield>
<datafield tag="035" ind1=" " ind2=" ">
<subfield code="a">(OCoLC)22578430</subfield>
</datafield>
<datafield tag="035" ind1=" " ind2=" ">
<subfield code="a">(CStRLIN)MIUGANF7844-B</subfield>
</datafield>
<datafield tag="040" ind1=" " ind2=" ">
<subfield code="a">DLC</subfield>
<subfield code="c">WAU</subfield>
<subfield code="d">EYM</subfield>
</datafield>
<datafield tag="043" ind1=" " ind2=" ">
<subfield code="a">a-tu---</subfield>
</datafield>
<datafield tag="050" ind1="0" ind2=" ">
<subfield code="a">DR417</subfield>
<subfield code="b">.D35</subfield>
</datafield>
<datafield tag="100" ind1="1" ind2=" ">
<subfield code="a">Darwazah, Muḥammad ʻIzzat,</subfield>
<subfield code="d">1889-</subfield>
</datafield>
<datafield tag="245" ind1="1" ind2="0">
<subfield code="a">Turkīyā al-ḥadīthah :</subfield>
<subfield code="b">fuṣūl fī al-ḥarakah al-niḍālīyah al-istiqlālīyah wa-al-khuṭuwāt al-inqilābīyah wa-al-iṣlāḥīyah wa-al-shuʼūn al-siyāsīyah wa-al-ijtimāʻīyah wa-al-ḥarakāt al-ʻilmīyah wa-al-iqtiṣādīyah wa-al-idārīyah /</subfield>
<subfield code="c">taʼlīf Muḥammad ʻIzzat Darwazah.</subfield>
</datafield>
<datafield tag="260" ind1=" " ind2=" ">
<subfield code="a">Bayrūt,</subfield>
<subfield code="b">Maṭbaʻat al-Kashshāf,</subfield>
<subfield code="c">1946.</subfield>
</datafield>
<datafield tag="300" ind1=" " ind2=" ">
<subfield code="a">355 p.</subfield>
<subfield code="b">illus., ports.</subfield>
<subfield code="c">26 cm.</subfield>
</datafield>
<datafield tag="504" ind1=" " ind2=" ">
<subfield code="a">Bibliographical footnotes.</subfield>
</datafield>
<datafield tag="651" ind1=" " ind2="0">
<subfield code="a">Turkey.</subfield>
</datafield>
<datafield tag="OWN" ind1=" " ind2=" ">
<subfield code="a">GENERAL</subfield>
</datafield>
<datafield tag="950" ind1=" " ind2=" ">
<subfield code="l">BMAIN</subfield>
<subfield code="a">DR589</subfield>
<subfield code="b">.D3</subfield>
</datafield>
<datafield tag="955" ind1=" " ind2=" ">
<subfield code="l">BMAIN</subfield>
<subfield code="c">1</subfield>
<subfield code="r">026058084</subfield>
</datafield>
<datafield tag="998" ind1=" " ind2=" ">
<subfield code="s">9115</subfield>
</datafield>
<datafield tag="AVA" ind1=" " ind2=" ">
<subfield code="a">NYU50</subfield>
<subfield code="b">BOBST</subfield>
<subfield code="c">Main Collection</subfield>
<subfield code="d">DR589 .D3</subfield>
<subfield code="e">unavailable</subfield>
<subfield code="t">Unavailable</subfield>
<subfield code="f">1</subfield>
<subfield code="g">1</subfield>
<subfield code="h">N</subfield>
<subfield code="i">2</subfield>
<subfield code="j">MAIN</subfield>
<subfield code="k">0</subfield>
</datafield>
</record>
